<?xml version="1.0" encoding="UTF-8"?><record xmlns="http://www.loc.gov/MARC21/slim" xmlns:cinclude="http://apache.org/cocoon/include/1.0" xmlns:zs="http://www.loc.gov/zing/srw/">
  <leader>00536cz  a2200133n  4500</leader>
  <controlfield tag="001">n  89204133 </controlfield>
  <controlfield tag="003">DLC</controlfield>
  <controlfield tag="005">19920515100018.2</controlfield>
  <controlfield tag="008">920104n| acannaab|          |a aaa |||  </controlfield>
  <datafield tag="010" ind1=" " ind2=" ">
    <subfield code="a">n  89204133 </subfield>
  </datafield>
  <datafield tag="040" ind1=" " ind2=" ">
    <subfield code="a">DLC</subfield>
    <subfield code="c">DLC</subfield>
    <subfield code="d">DLC</subfield>
  </datafield>
  <datafield tag="100" ind1="1" ind2="0">
    <subfield code="a">Siṃha, Ramā,</subfield>
    <subfield code="d">1963-</subfield>
  </datafield>
  <datafield tag="400" ind1="0" ind2="0">
    <subfield code="a">Ramā Siṃha,</subfield>
    <subfield code="d">1963-</subfield>
  </datafield>
  <datafield tag="670" ind1=" " ind2=" ">
    <subfield code="a">Her Rāmacandrakavikr̥ta Rasikrañjanam kāvya kā eka adhyayana, 1990:</subfield>
    <subfield code="b">t.p. (Ramā Siṃha) jkt. (post-grad. in arts fr. Raghunath Girls Coll., Meerut U., philosophy fr. Delhi U. in 1985; doing research in Delhi U.; b. 1963)</subfield>
  </datafield>
</record>